<?xml version="1.0" encoding="UTF-8"?><record xmlns="http://www.loc.gov/MARC21/slim" xmlns:cinclude="http://apache.org/cocoon/include/1.0" xmlns:zs="http://www.loc.gov/zing/srw/">
  <leader>01061nz  a2200253n  4500</leader>
  <controlfield tag="001">nb2014029069</controlfield>
  <controlfield tag="003">DLC</controlfield>
  <controlfield tag="005">20141223050902.0</controlfield>
  <controlfield tag="008">141222n| azannaabn          |a ana      </controlfield>
  <datafield tag="010" ind1=" " ind2=" ">
    <subfield code="a">nb2014029069</subfield>
  </datafield>
  <datafield tag="035" ind1=" " ind2=" ">
    <subfield code="a">(Uk)009218149</subfield>
  </datafield>
  <datafield tag="040" ind1=" " ind2=" ">
    <subfield code="a">Uk</subfield>
    <subfield code="b">eng</subfield>
    <subfield code="e">rda</subfield>
    <subfield code="c">Uk</subfield>
  </datafield>
  <datafield tag="046" ind1=" " ind2=" ">
    <subfield code="s">19600904</subfield>
  </datafield>
  <datafield tag="110" ind1="2" ind2=" ">
    <subfield code="a">Central Methodist Church (Glossop, England)</subfield>
  </datafield>
  <datafield tag="368" ind1=" " ind2=" ">
    <subfield code="a">Church buildings</subfield>
    <subfield code="2">lcsh</subfield>
  </datafield>
  <datafield tag="370" ind1=" " ind2=" ">
    <subfield code="c">Great Britain</subfield>
    <subfield code="e">Glossop (England)</subfield>
    <subfield code="2">naf</subfield>
  </datafield>
  <datafield tag="371" ind1=" " ind2=" ">
    <subfield code="a">Chapel Street</subfield>
    <subfield code="b">Glossop</subfield>
    <subfield code="c">Derbyshire</subfield>
    <subfield code="d">England</subfield>
    <subfield code="e">SK13 8AT</subfield>
  </datafield>
  <datafield tag="372" ind1=" " ind2=" ">
    <subfield code="a">Church buildings</subfield>
    <subfield code="2">lcsh</subfield>
  </datafield>
  <datafield tag="373" ind1=" " ind2=" ">
    <subfield code="a">Methodist Church (Great Britain)</subfield>
    <subfield code="2">naf</subfield>
  </datafield>
  <datafield tag="377" ind1=" " ind2=" ">
    <subfield code="a">eng</subfield>
  </datafield>
  <datafield tag="410" ind1="2" ind2=" ">
    <subfield code="a">Glossop Central Church</subfield>
  </datafield>
  <datafield tag="410" ind1="2" ind2=" ">
    <subfield code="a">Glossop Central Methodist Church</subfield>
  </datafield>
  <datafield tag="670" ind1=" " ind2=" ">
    <subfield code="a">Glossop Central Methodist Church, [2010]:</subfield>
    <subfield code="b">t.p. verso (Central Methodist Church, Glossop) inside back cover (Glossop Central Church) p. 52 (on 4 September 1960 new Central Methodist Church became a reality)</subfield>
  </datafield>
  <datafield tag="670" ind1=" " ind2=" ">
    <subfield code="a">Central Methodist Church web site, viewed 22 December 2014</subfield>
    <subfield code="b">(Central Methodist Church, Chapel Street, Glossop, Derbyshire SK13 8AT)</subfield>
  </datafield>
</record>